% This file was created with JabRef 2.10b2.
% Encoding: UTF8


@Book{Godbillon1969,
  Title                    = {G{\'e}om{\'e}trie diff{\'e}rentielle et m{\'e}canique analytique ...},
  Author                   = {Godbillon, C.},
  Publisher                = {Hermann},
  Year                     = {1969},
  Series                   = {Collection M{\'e}thodes},

  __markedentry            = {[basile:6]},
  Lccn                     = {lc76420748},
  Url                      = {http://books.google.fr/books?id=0VrvAAAAMAAJ}
}

@Book{GIT,
  Title                    = {Geometric Invariant Theory},
  Author                   = {Mumford, D. and Fogarty, J. and Kirwan, F.C.},
  Publisher                = {Springer-Verlag},
  Year                     = {1994},
  Edition                  = {3rd},
  Series                   = {Ergebnisse der Mathematik und ihrer Grenzgebiete},

  ISBN                     = {9780387569635},
  Lccn                     = {93033772},
  Url                      = {http://books.google.fr/books?id=dFlv3zn\_2-gC}
}

@Article{Ast317,
  Title                    = {Variétés carquois de Nakajima},
  Author                   = {Olivier SCHIFFMANN},
  Journal                  = {Astérisque},
  Year                     = {2008},

  Month                    = {mars},
  Number                   = {976},
  Pages                    = {295-344},
  Volume                   = {317},

  Part                     = {Séminaire Bourbaki}
}

@Article{Verbitsky,
  Title                    = {A global Torelli theorem for hyperkahler manifolds},
  Author                   = {Verbitsky, M.},
  Journal                  = {ArXiv e-prints},
  Year                     = {2009},

  Month                    = aug,

  Adsnote                  = {Provided by the SAO/NASA Astrophysics Data System},
  Adsurl                   = {http://adsabs.harvard.edu/abs/2009arXiv0908.4121V},
  Archiveprefix            = {arXiv},
  Eprint                   = {0908.4121},
  Keywords                 = {Mathematics - Algebraic Geometry, Mathematics - Algebraic Topology, Mathematics - Differential Geometry, 53C26, 32G13},
  Primaryclass             = {math.AG}
}

@comment{jabref-meta: selector_publisher:}

@comment{jabref-meta: selector_author:}

@comment{jabref-meta: selector_journal:}

@comment{jabref-meta: selector_keywords:}

